% Encoding: UTF-8

@Article{Comisso2013,
  Title       = {Gyro-induced acceleration of magnetic reconnection},
  Author      = {Comisso, L. and Grasso, D. and Waelbroeck, F.L. and Borgogno, D.},
  Journal     = {Phys. Plasmas},
  Year        = {2013},
  Number      = {9},
  Pages       = {092118},
  Volume      = {20},
  Doi         = {10.1063/1.4821840},
}
